@misc{mikolov2013efficient,
  title={Efficient Estimation of Word Representations in Vector Space},
  author={Tomas Mikolov and Kai Chen and Greg Corrado and Jeffrey Dean},
  year={2013},
  eprint={1301.3781},
  archivePrefix={arXiv},
  primaryClass={cs.CL}
}

@misc{wu2017starspace,
  title={StarSpace: Embed All The Things!},
  author={Ledell Wu and Adam Fisch and Sumit Chopra and Keith Adams and Antoine Bordes and Jason Weston},
  year={2017},
  eprint={1709.03856},
  archivePrefix={arXiv},
  primaryClass={cs.CL}
}

@inproceedings{lam2015numba,
  title={Numba: A llvm-based python jit compiler},
  author={Lam, Siu Kwan and Pitrou, Antoine and Seibert, Stanley},
  booktitle={Proceedings of the Second Workshop on the LLVM Compiler Infrastructure in HPC},
  pages={1--6},
  year={2015},
  url={https://doi.org/10.1145/2833157.2833162}
}

@misc{barkan2017item2vec,
  title={Item2Vec: Neural Item Embedding for Collaborative Filtering},
  author={Oren Barkan and Noam Koenigstein},
  year={2017},
  eprint={1603.04259},
  archivePrefix={arXiv},
  primaryClass={cs.LG}
}

@inproceedings{gutmann2010noise,
  title={Noise-contrastive estimation: A new estimation principle for unnormalized statistical models},
  author={Gutmann, Michael and Hyv{\"a}rinen, Aapo},
  booktitle={Proceedings of the thirteenth international conference on artificial intelligence and statistics},
  pages={297--304},
  year={2010},
  organization={JMLR Workshop and Conference Proceedings},
  url={http://proceedings.mlr.press/v9/gutmann10a.html}
}

@misc{mnih2012fast,
  title={A Fast and Simple Algorithm for Training Neural Probabilistic Language Models},
  author={Andriy Mnih and Yee Whye Teh},
  year={2012},
  eprint={1206.6426},
  archivePrefix={arXiv},
  primaryClass={cs.CL}
}

@inproceedings{vaswani2013decoding,
  title={Decoding with Large-Scale Neural Language Models Improves Translation},
  author={Vaswani, Ashish and Zhao, Yinggong and Fossum, Victoria and Chiang, David},
  booktitle={Proceedings of the 2013 conference on empirical methods in natural language processing},
  pages={1387--1392},
  year={2013},
  url={https://aclanthology.org/D13-1140}
}

@inproceedings{zoph2016simple,
  title={Simple, Fast Noise-Contrastive Estimation for Large RNN Vocabularies},
  author={Zoph, Barret and Vaswani, Ashish and May, Jonathan and Knight, Kevin},
  booktitle={Proceedings of the 2016 Conference of the North American Chapter of the Association for Computational Linguistics: Human Language Technologies},
  pages={1217--1222},
  year={2016},
  url={https://aclanthology.org/N16-1145}
}

@article{mikolov2013distributed,
  title={Distributed Representations of Words and Phrases and their Compositionality},
  author={Mikolov, Tomas and Sutskever, Ilya and Chen, Kai and Corrado, Greg S and Dean, Jeff},
  journal={Advances in neural information processing systems},
  volume={26},
  year={2013},
  url={http://papers.nips.cc/paper/5021-distributed-representations-of-words-and-phrases-and-their-compositionality}
}

@misc{goldberg2014word2vec,
  title={word2vec Explained: deriving Mikolov et al.'s negative-sampling word-embedding method},
  author={Yoav Goldberg and Omer Levy},
  year={2014},
  eprint={1402.3722},
  archivePrefix={arXiv},
  primaryClass={cs.CL}
}

@inproceedings{devlin2014fast,
  title={Fast and Robust Neural Network Joint Models for Statistical Machine Translation},
  author={Devlin, Jacob and Zbib, Rabih and Huang, Zhongqiang and Lamar, Thomas and Schwartz, Richard and Makhoul, John},
  booktitle={Proceedings of the 52nd Annual Meeting of the Association for Computational Linguistics (Volume 1: Long Papers)},
  pages={1370--1380},
  year={2014},
  url={https://aclanthology.org/P14-1129}
}

@inproceedings{andreas2015and,
  title={When and why are log-linear models self-normalizing?},
  author={Andreas, Jacob and Klein, Dan},
  booktitle={Proceedings of the 2015 Conference of the North American Chapter of the Association for Computational Linguistics: Human Language Technologies},
  pages={244--249},
  year={2015},
  url={https://aclanthology.org/N15-1027}
}
